<?xml version="1.0" encoding="UTF-8" ?>
<collection xmlns:xsi="http://www.w3.org/2001/XMLSchema-instance"
    xsi:schemaLocation="http://www.loc.gov/MARC21/slim
        http://www.loc.gov/standards/marcxml/schema/MARC21slim.xsd"
    xmlns="http://www.loc.gov/MARC21/slim">
<record>
  <leader>00252cam a2200481 i 4500</leader>
  <controlfield tag="001">b12316908</controlfield>
  <controlfield tag="003">LeBAU</controlfield>
  <controlfield tag="005">20130926</controlfield>
  <controlfield tag="008">970117s1936    ua            ||0 0 ara d</controlfield>
  <datafield tag="035" ind1=" " ind2=" ">
    <subfield code="a">ocn784189370</subfield>
  </datafield>
  <datafield tag="040" ind1=" " ind2=" ">
    <subfield code="a">LEAUB</subfield>
    <subfield code="b">ara</subfield>
    <subfield code="e">rda</subfield>
    <subfield code="c">LEAUB</subfield>
    <subfield code="d">LEAUB</subfield>
  </datafield>
  <datafield tag="082" ind1="0" ind2="4">
    <subfield code="a">109</subfield>
    <subfield code="2">20</subfield>
  </datafield>
  <datafield tag="100" ind1="1" ind2=" ">
    <subfield code="6">880-01</subfield>
    <subfield code="a">Wolf, A.</subfield>
    <subfield code="q">(Abraham),</subfield>
    <subfield code="d">1876-1948,</subfield>
    <subfield code="e">author.</subfield>
  </datafield>
  <datafield tag="245" ind1="1" ind2="0">
    <subfield code="6">880-02</subfield>
    <subfield code="a">ʻArḍ tārīkhī lil-falsafah wa-al-‘ilm /</subfield>
    <subfield code="c">ta’līf A. Wūlf ustādh al-mantiq bi-Jāmi‘at Landan ; tarjamat Muḥammad ‘Abd al-Wāḥid Khallāf.</subfield>
  </datafield>
  <datafield tag="264" ind1=" " ind2="1">
    <subfield code="6">880-03</subfield>
    <subfield code="a">[Miṣr] :</subfield>
    <subfield code="b">Lajnat al-Ta’līf wa-al-Tarjamah wa-al-Nashr,</subfield>
    <subfield code="c">1936.</subfield>
  </datafield>
  <datafield tag="300" ind1=" " ind2=" ">
    <subfield code="6">880-04</subfield>
    <subfield code="a">151 pages ;</subfield>
    <subfield code="c">20 cm.</subfield>
  </datafield>
  <datafield tag="336" ind1=" " ind2=" ">
    <subfield code="a">text</subfield>
    <subfield code="b">txt</subfield>
    <subfield code="2">rdacontent</subfield>
  </datafield>
  <datafield tag="337" ind1=" " ind2=" ">
    <subfield code="a">unmediated</subfield>
    <subfield code="b">n</subfield>
    <subfield code="2">rdamedia</subfield>
  </datafield>
  <datafield tag="338" ind1=" " ind2=" ">
    <subfield code="a">volume</subfield>
    <subfield code="b">nc</subfield>
    <subfield code="2">rdacarrier</subfield>
  </datafield>
  <datafield tag="490" ind1="1" ind2=" ">
    <subfield code="6">880-05</subfield>
    <subfield code="a">Khulāṣat al-‘ilm al-ḥadīth ;</subfield>
    <subfield code="v">al-risālah al-ūlá</subfield>
  </datafield>
  <datafield tag="490" ind1="1" ind2=" ">
    <subfield code="6">880-06</subfield>
    <subfield code="a">Silsilat al-ma‘ārif al-‘āmmah</subfield>
  </datafield>
  <datafield tag="650" ind1=" " ind2="4">
    <subfield code="a">الفلسفة</subfield>
    <subfield code="x">تاريخ.</subfield>
  </datafield>
  <datafield tag="650" ind1=" " ind2="4">
    <subfield code="a">العلوم</subfield>
    <subfield code="x">تاريخ.</subfield>
  </datafield>
  <datafield tag="650" ind1=" " ind2="0">
    <subfield code="a">Philosophy</subfield>
    <subfield code="x">History.</subfield>
  </datafield>
  <datafield tag="650" ind1=" " ind2="0">
    <subfield code="a">Science</subfield>
    <subfield code="x">History.</subfield>
  </datafield>
  <datafield tag="700" ind1="1" ind2=" ">
    <subfield code="6">880-07</subfield>
    <subfield code="a">Khallāf, Muḥammad ‘Abd al-Wāḥid,</subfield>
    <subfield code="e">translator.</subfield>
  </datafield>
  <datafield tag="830" ind1=" " ind2="0">
    <subfield code="6">880-08</subfield>
    <subfield code="a">Khulāṣat al-‘ilm al-ḥadīth ;</subfield>
    <subfield code="v">al-risālah al-ūlá.</subfield>
  </datafield>
  <datafield tag="830" ind1=" " ind2="0">
    <subfield code="6">880-09</subfield>
    <subfield code="a">Silsilat al-ma‘ārif al-‘āmmah.</subfield>
  </datafield>
  <datafield tag="852" ind1=" " ind2=" ">
    <subfield code="a">Jafet Library</subfield>
    <subfield code="e">American University of Beirut, Bliss Street , Beirut, Lebanon.</subfield>
  </datafield>
  <datafield tag="880" ind1="1" ind2=" ">
    <subfield code="6">100-01/(3/r</subfield>
    <subfield code="a">وولف، أ.</subfield>
    <subfield code="q">(أبراهام)،</subfield>
    <subfield code="d">1876-1948،</subfield>
    <subfield code="e">مؤلف. </subfield>
    <subfield code="4">aut.</subfield>
  </datafield>
  <datafield tag="880" ind1="1" ind2="0">
    <subfield code="6">245-02/(3/r</subfield>
    <subfield code="a">عرض تاريخي للفلسفة و العلم /</subfield>
    <subfield code="c">تأليف أ. وولف أستاذ المنطق بجامعة لندن ؛ ترجمة محمد عبد الواحد خلاف.</subfield>
  </datafield>
  <datafield tag="880" ind1=" " ind2="1">
    <subfield code="6">264-03/(3/r</subfield>
    <subfield code="a">[مصر] :</subfield>
    <subfield code="b">لجنة التأليف والترجمة والنشر،</subfield>
    <subfield code="c">1936.</subfield>
  </datafield>
  <datafield tag="880" ind1=" " ind2=" ">
    <subfield code="6">300-04/(3/r</subfield>
    <subfield code="a">151 صفحة ؛</subfield>
    <subfield code="c">20 سم.</subfield>
  </datafield>
  <datafield tag="880" ind1="1" ind2=" ">
    <subfield code="6">490-05/(3/r</subfield>
    <subfield code="a">خلاصة العلم الحديث ؛</subfield>
    <subfield code="v">الرسالة الأولى</subfield>
  </datafield>
  <datafield tag="880" ind1="1" ind2=" ">
    <subfield code="6">490-06/(3/r</subfield>
    <subfield code="a">سلسلة المعارف العامة</subfield>
  </datafield>
  <datafield tag="880" ind1="1" ind2=" ">
    <subfield code="6">700-07/(3/r</subfield>
    <subfield code="a">خلاف، محمد عبد الواحد،</subfield>
    <subfield code="e">مترجم. </subfield>
    <subfield code="4">trl.</subfield>
  </datafield>
  <datafield tag="880" ind1=" " ind2="0">
    <subfield code="6">830-08/(3/r</subfield>
    <subfield code="a">خلاصة العلم الحديث ؛</subfield>
    <subfield code="v">الرسالة الأولى.</subfield>
  </datafield>
  <datafield tag="880" ind1=" " ind2="0">
    <subfield code="6">830-09/(3/r</subfield>
    <subfield code="a">سلسلة المعارف العامة.</subfield>
  </datafield>
  <datafield tag="907" ind1=" " ind2=" ">
    <subfield code="a">.b12316908</subfield>
    <subfield code="b">16-04-25</subfield>
    <subfield code="c">11-05-24</subfield>
  </datafield>
  <datafield tag="907" ind1=" " ind2=" ">
    <subfield code="a">.b12316908</subfield>
    <subfield code="b">15-10-15</subfield>
    <subfield code="c">11-05-24</subfield>
  </datafield>
  <datafield tag="945" ind1=" " ind2=" ">
    <subfield code="f">J</subfield>
    <subfield code="a">109:W85aA:c.1</subfield>
    <subfield code="g">1</subfield>
    <subfield code="i">01001246</subfield>
    <subfield code="j">.i12745650</subfield>
    <subfield code="l">u0503</subfield>
  </datafield>
  <datafield tag="998" ind1=" " ind2=" ">
    <subfield code="a">u05</subfield>
    <subfield code="b">97-01-17</subfield>
    <subfield code="c">m</subfield>
    <subfield code="d">a</subfield>
    <subfield code="e">-</subfield>
    <subfield code="f">ara</subfield>
    <subfield code="g">ua </subfield>
    <subfield code="h">0</subfield>
    <subfield code="i">1</subfield>
  </datafield>
</record>
</collection>
